
@article{Butenuth,
	author = {Matthias Butenuth and Guido v.Gösseln and Michael Tiedge and Christian Heipke and Udo Lipeck and Monika Sester},
	title = {Integration of heterogeneous geospatial data in a federated database},
	journal = {ISPRS Journal of Photogrammetry and Remote Sensing},
	year = {2007},
	pages = {328-346},
}

@article{Malik,
	author = {Tanu Malik and Alex S. Szalay and Tamas Budavari and Ani R. Thakar},
	title = {SkyQuery: A Web Service Approach to Federate Databases},
	journal = {arXiv preprint cs/0211023},
	year = {2002},
}

@article{Stock,
	author = {Kristin Stock and Hans Guesgen},
	title = {Geospatial Reasoning With Open Data},
	journal = {Automating Open Source Intelligence},
	year = {2016},
	pages = {171-204},
}

@article{Jian,
	author = {Gong Jian-ya and Wang Yan-dong},
	title = {Federated Spatial Databases and Interoperability},
	journal = {Wuhan University Journal of Natural Sciences},
	year = {2001},
	pages = {164-168},
}

@online{gisGeography,
	author = {GISGeography},
	title = {Vector vs Raster: What’s the Difference Between GIS Spatial Data Types?},
	year = {2018},
	url = {https://gisgeography.com/spatial-data-types-vector-raster/},
}

@article{Gong,
	author = {Jianya Gong and Hanjiang Xiong and Yandong Wang and Lite Shi},
	title = {Concept and Realization of Federated Spatial Database},
	journal = {Proceeding of ISPRS Symposium on Geospatial Theory},
	year = {2002},
}

@article{Hammer,
	author = {Michael Hammer and Dennis McLeod},
	title = {On Database Management System Architecture},
	journal = {Massachusetts Institute of Technology, Cambridge},
	year = {1979},
}

@article{Sheth,
	author = {Amit P. Sheth and James A. Larson},
	title = {Federated Database Systems for Managing Distributed, Heterogeneous, and Autonomous Databases},
	journal = {ACM Computing Surveys (CSUR)},
	year = {1990},
	pages = {183-236},
}

@article{Heimbigner,
	author = {Dennis Heimbigner and Dennis McLeod},
	title = {A Federated Architecture for Information Management},
	journal = {ACM Transactions on Information Systems (TOIS)},
	year = {1985},
	pages = {253-278},
}

@online{Dempsey,
	author = {Caitlin Dempsey},
	title = {Types of GIS Data Explored: Vector and Raster},
	year = {2017},
	url = {https://www.gislounge.com/geodatabases-explored-vector-and-raster-data/},
}

@article{Litwin,
	author = {Witold Litwin and Leo Mark and Nick Roussopoulos},
	title = {Interoperability of Multiple Autonomous Databases},
	journal = {ACM Computing Surveys (CSUR)},
	year = {1990},
	pages = {267-293},
}

@article{Sondheim,
	author = {M. Sondheim, K. Gardels, K. Buehler},
	title = {GIS interoperability},
	journal = {Geographical Information Science},
	year = {1999},
}